@online{trefor1,
    title     = "Intro to LaTeX : Learn to write beautiful math equations",
    author    = "Trefor Bazett",
    date      = {2022-02-15},
    url       = "https://youtu.be/Jp0lPj2-DQA",
    publisher = "[Video de YouTube]"
}

@online{trefor2,
    author    = "Trefor Bazett",
    title     = "How to write a thesis using LaTeX **full tutorial**",
    date      = {2022-02-15},
    url       = "https://youtu.be/zqQM66uAig0",
    publisher = "[Video de YouTube]"
}

@online{overl,
    author    = "Overleaf",
    title     = "Overleaf Help",
    date      = {2022-02-15},
    url       = "https://www.overleaf.com/learn",
    publisher = "[Video de YouTube]"
}